@article{Margules2000,
    title = {{A framework for systematic conservation planning}},
    year = {2000},
    journal = {Nature},
    author = {Margules, CR and Nature, RL Pressey - and 2000, Undefined},
    number = {May},
    pages = {243--253},
    volume = {405},
    url = {https://www.nature.com/articles/35012251%0Ahttp://search.proquest.com.prox.lib.ncsu.edu/docview/204488679?pq-origsite=summon%0Ahttp://www.montana.edu/hansenlab/documents/bio515_13/margules00.pdf},
    isbn = {0521703441},
    doi = {10.1038/35012251},
    issn = {0521703441},
    pmid = {10821285},
    arxivId = {j.1744-7429.2008.00471.x},
    keywords = {Conservation planning}
}

@article{Crouzeilles2016a,
    title = {{A global meta-analysis on the ecological drivers of forest restoration success}},
    year = {2016},
    journal = {Nature Communications},
    author = {Crouzeilles, Renato and Curran, Michael and Ferreira, Mariana S. and Lindenmayer, David B. and Grelle, Carlos E. V. and Rey Benayas, José M.},
    number = {May},
    pages = {11666},
    volume = {7},
    url = {http://www.nature.com/doifinder/10.1038/ncomms11666},
    isbn = {2041-1723 (Electronic)2041-1723 (Linking)},
    doi = {10.1038/ncomms11666},
    issn = {2041-1723},
    pmid = {27193756}
}

@article{Englund2017,
    title = {{A new high-resolution nationwide aboveground carbon map for Brazil}},
    year = {2017},
    journal = {Geo: Geography and Environment},
    author = {Englund, Oskar and Sparovek, Gerd and Berndes, Göran and Freitas, Flavio and Ometto, Jean P. and Oliveira, Pedro Valle De Carvalho E. and Costa, Ciniro and Lapola, David},
    number = {2},
    pages = {1--12},
    volume = {4},
    doi = {10.1002/geo2.45},
    issn = {20544049},
    keywords = {Brazil, GIS, LULUCF, aboveground biomass, carbon map, land use policy}
}

@article{Rodrigues2012,
    title = {{A percep{\c{c}}{\~{a}}o ambiental como instrumento de apoio na gest{\~{a}}o e na formula{\c{c}}{\~{a}}o de pol{\'{i}}ticas p{\'{u}}blicas ambientais}},
    year = {2012},
    journal = {Saude e Sociedade},
    author = {Rodrigues, Mariana Lima and Malheiros, Tadeu Fabrício and Fernandes, Valdir and Dar{\'{o}}s, Taiane Dagostin},
    number = {SUPPL.3},
    pages = {96--110},
    volume = {21},
    isbn = {1984-0470},
    doi = {10.1590/S0104-12902012000700009},
    issn = {01041290},
    keywords = {Environmental management, Perception, Public policies, Santo andr{\'{e}}, Tool}
}

@article{Chazdon2017d,
    title = {{A Policy-Driven Knowledge Agenda for Global Forest and Landscape Restoration}},
    year = {2017},
    journal = {Conservation Letters},
    author = {Chazdon, Robin L. and Brancalion, Pedro H.S. and Lamb, David and Laestadius, Lars and Calmon, Miguel and Kumar, Chetan},
    number = {1},
    pages = {125--132},
    volume = {10},
    isbn = {1755-263X},
    doi = {10.1111/conl.12220},
    issn = {1755263X},
    pmid = {22419243},
    keywords = {Aichi biodiversity targets, Bonn challenge, New York Declaration on Forests, ecological restoration, environmental policy, large-scale restoration, multidisciplinary research, restoration governance, restoration planning, science-policy interface}
}

@article{Vieira2009,
    title = {{Agro-successional restoration as a strategy to facilitate tropical forest recovery}},
    year = {2009},
    journal = {Restoration Ecology},
    author = {Vieira, Daniel L.M. and Holl, Karen D. and Peneireiro, Fabiana M.},
    number = {4},
    pages = {451--459},
    volume = {17},
    isbn = {1061-2971},
    doi = {10.1111/j.1526-100X.2009.00570.x},
    issn = {10612971},
    keywords = {Agroecology, Agroforestry, Succession}
}

@misc{Vieira2009b,
    title = {{Agro-successional restoration as a strategy to facilitate tropical forest recovery}},
    year = {2009},
    booktitle = {Restoration Ecology},
    author = {Vieira, Daniel L.M. and Holl, Karen D and Peneireiro, Fabiana M},
    number = {4},
    pages = {451--459},
    volume = {17},
    isbn = {1061-2971},
    doi = {10.1111/j.1526-100X.2009.00570.x},
    issn = {10612971},
    keywords = {Agroecology, Agroforestry, Succession}
}

@book{Steenbock2003,
    title = {{Agrofloresta : aprendendo a produzir com a natureza}},
    year = {2013},
    author = {Steenbock, Walter and Vezzani, Fabiane Machado},
    isbn = {9788590874010},
    doi = {10.1111/j.1468-2265.1978.tb00177.x},
    issn = {14682265}
}

@article{Saad2018c,
    title = {{Analyzing ecological restoration strategies for water and soil conservation}},
    year = {2018},
    journal = {PLoS ONE},
    author = {Saad, Sandra Isay and Da Silva, Jonathan Mota and Silva, Marx Leandro Naves and Guimar{\~{a}}es, João Luis Bittencourt and Sousa, Wilson Cabral and De Oliveira Figueiredo, Ricardo and Da Rocha, Humberto Ribeiro},
    number = {2},
    pages = {1--27},
    volume = {13},
    isbn = {1111111111},
    doi = {10.1371/journal.pone.0192325},
    issn = {19326203}
}

@article{Aronson2010,
    title = {{Are socioeconomic benefits of restoration adequately quantified? a meta-analysis of recent papers (2000-2008) in restoration ecology and 12 other scientific journals}},
    year = {2010},
    journal = {Restoration Ecology},
    author = {Aronson, James and Blignaut, James N. and Milton, Suzanne J. and Le Maitre, David and Esler, Karen J. and Limouzin, Amandine and Fontaine, Christelle and de Wit, Martin P. and Mugido, Worship and Prinsloo, Philip and van der Elst, Leandri and Lederer, Ned},
    number = {2},
    pages = {143--154},
    volume = {18},
    isbn = {1061-2971},
    doi = {10.1111/j.1526-100X.2009.00638.x},
    issn = {10612971},
    pmid = {26285040},
    keywords = {Agriculture, Ecological-economic interface, Payment for ecosystem services, Policy implications, Restoration of natural capital}
}

@article{Liu2016,
    title = {{Association between Fc{$\gamma$}RIIa-131R/H polymorphism and the risk of sepsis: A systematic review and meta-analysis}},
    year = {2016},
    journal = {International Journal of Clinical and Experimental Medicine},
    author = {Liu, Shao Ling and Deng, Zhi Hong and Peng, Wu Xun and Wang, Lei and Yang, Lei and Deng, Jin},
    number = {11},
    pages = {20660--20667},
    volume = {9},
    doi = {10.1111/rec.12025},
    issn = {19405901},
    keywords = {Fc gamma receptor, Meta-analysis, Polymorphism, Sepsis}
}

@article{Zenz2013,
    title = {{Benchmark for success}},
    year = {2013},
    journal = {International Water Power and Dam Construction},
    author = {Zenz, Gerald and Goldgruber, Markus},
    number = {8},
    pages = {30--32},
    volume = {65},
    isbn = {0027-8424},
    doi = {10.1073/pnas.1019576108},
    issn = {0306400X},
    pmid = {21628575},
    arxivId = {arXiv:1408.1149}
}

@article{Chazdon2008,
    title = {{Beyond deforestation: Restoring forests and ecosystem services on degraded lands}},
    year = {2008},
    journal = {Science},
    author = {Chazdon, Robin L.},
    number = {5882},
    pages = {1458--1460},
    volume = {320},
    isbn = {0036-8075},
    doi = {10.1126/science.1155365},
    issn = {00368075},
    pmid = {18556551},
    arxivId = {arXiv:1405.0037v1}
}

@article{Schroth2004,
    title = {{Biodiversity as Burden and Natural Capital: Interactions between Agroforestry Areas, Natural Ecosystems, and Rural Communities in Tropical Land Use Mosaics}},
    year = {2004},
    journal = {Agroforestry and Biodiversity Conservation in Tropical Landscapes},
    author = {Schroth, Götz and Fonseca, Gustavo A B da and Harvey, Celia A and Gascon, Claude and Vasconcelos, Heraldo L and Izac, Anne-Marie N},
    pages = {315--345},
    url = {http://library.uniteddiversity.coop/Permaculture/Agroforestry/Agroforestry_and_Biodiversity_Conservation_in_Tropical_Landscapes.pdf},
    keywords = {biodiversity, conservation, landscap conservation,}
}

@article{Pires2018,
    title = {{Biodiversity research still falls short of creating links with ecosystem services and human well-being in a global hotspot}},
    year = {2018},
    journal = {Ecosystem Services},
    author = {Pires, Aliny P.F. and Amaral, Aryanne G. and Padgurschi, Maíra C.G. and Joly, Carlos A. and Scarano, Fabio R.},
    number = {October},
    pages = {68--73},
    volume = {34},
    publisher = {Elsevier B.V.},
    url = {https://doi.org/10.1016/j.ecoser.2018.10.001},
    doi = {10.1016/j.ecoser.2018.10.001},
    issn = {22120416},
    keywords = {Biodiversity, Brazil, Review, Scientific funding, Sustainable Development Goals (SDGs)}
}

@article{Poorter2016,
    title = {{Biomass resilience of Neotropical secondary forests}},
    year = {2016},
    journal = {Nature},
    author = {Poorter, L and Bongers, F and Aide, T M and Almeyda Zambrano, A M and Balvanera, P and Becknell, J M and Boukili, V and Brancalion, P H and Broadbent, E N and Chazdon, R L and Craven, D and de Almeida-Cortez, J S and Cabral, G A and de Jong, B H and Denslow, J S and Dent, D H and DeWalt, S J and Dupuy, J M and Duran, S M and Espirito-Santo, M M and Fandino, M C and Cesar, R G and Hall, J S and Hernandez-Stefanoni, J L and Jakovac, C C and Junqueira, A B and Kennard, D and Letcher, S G and Licona, J C and Lohbeck, M and Marin-Spiotta, E and Martinez-Ramos, M and Massoca, P and Meave, J A and Mesquita, R and Mora, F and Munoz, R and Muscarella, R and Nunes, Y R and Ochoa-Gaona, S and de Oliveira, A A and Orihuela-Belmonte, E and Pena-Claros, M and Perez-Garcia, E A and Piotto, D and Powers, J S and Rodriguez-Velazquez, J and Romero-Perez, I E and Ruiz, J and Saldarriaga, J G and Sanchez-Azofeifa, A and Schwartz, N B and Steininger, M K and Swenson, N G and Toledo, M and Uriarte, M and van Breugel, M and van der Wal, H and Veloso, M D and Vester, H F and Vicentini, A and Vieira, I C and Bentos, T V and Williamson, G B and Rozendaal, D M},
    edition = {2016/02/04},
    number = {7589},
    pages = {211--214},
    volume = {530},
    url = {http://www.ncbi.nlm.nih.gov/pubmed/26840632},
    isbn = {1476-4687 (Electronic)0028-0836 (Linking)},
    doi = {10.1038/nature16512},
    pmid = {26840632},
    keywords = {*Biomass, *Forests, *Tropical Climate, Carbon Cycle, Carbon Sequestration, Carbon/metabolism, Ecology, Humidity, Latin America, Rain, Time Factors, Trees/*growth {\&} development/metabolism},
    language = {eng}
}

@article{Santos2019,
    title = {{Can agroforestry systems enhance biodiversity and ecosystem service provision in agricultural landscapes? A meta-analysis for the Brazilian Atlantic Forest}},
    year = {2018},
    journal = {Forest Ecology and Management},
    author = {Santos, Pedro Zanetti Freire and Crouzeilles, Renato and Sansevero, Jerônimo Boelsums Barreto},
    number = {October 2018},
    pages = {140--145},
    volume = {433},
    publisher = {Elsevier},
    url = {https://doi.org/10.1016/j.foreco.2018.10.064},
    isbn = {0022-202X (Print){\textbackslash}r0022-202X (Linking)},
    doi = {10.1016/j.foreco.2018.10.064},
    issn = {03781127},
    pmid = {319175},
    keywords = {Agriculture, Forest landscape restoration, Land sharing, Land use planning}
}

@article{Chazdon2016b,
    title = {{Carbon sequestration potential of second-growth forest regeneration in the Latin American tropics}},
    year = {2016},
    journal = {Science Advances},
    author = {Chazdon, Robin},
    number = {6045},
    pages = {988--93},
    volume = {333},
    url = {http://www.ncbi.nlm.nih.gov/pubmed/21764754},
    doi = {10.1126/science.1201609},
    issn = {1095-9203},
    pmid = {21764754}
}

@article{Mcgrath2008a,
    title = {{Constructing a policy and institutional framework for an ecosystem-based approach to managing the Lower Amazon floodplain}},
    year = {2008},
    journal = {Environ Dev Sustain},
    author = {Mcgrath, David G and Cardoso, Æ Alcilene and Almeida, Æ Oriana T and Pezzuti, Æ Juarez},
    pages = {677--695},
    volume = {10},
    doi = {10.1007/s10668-008-9154-3},
    keywords = {Amazon ? Co-management ? Ecosystem management ? Fi}
}

@article{Mcgrath2008ab,
    title = {{Constructing a policy and institutional framework for an ecosystem-based approach to managing the Lower Amazon floodplain}},
    year = {2008},
    journal = {Environ Dev Sustain},
    author = {Mcgrath, David G and Cardoso, Æ Alcilene and Almeida, Æ Oriana T and Pezzuti, Æ Juarez},
    pages = {677--695},
    volume = {10},
    doi = {10.1007/s10668-008-9154-3},
    keywords = {Amazon ? Co-management ? Ecosystem management ? Fi}
}

@article{Daniel2012,
    title = {{Contributions of cultural services to the ecosystem services agenda}},
    year = {2012},
    journal = {Proceedings of the National Academy of Sciences},
    author = {Terry, C.D. and Muhar, A. and Arnberger, A. and Aznar, O. and Boyd, J. W. and Chan, K. M. A. and Costanza, R. and Elmqvist, T. and Flint, C. G. and Gobster, P. H. and Gret-Regamey, A. and Lave, R. and Muhar, S. and Penker, M. and Ribe, R. G. and Schauppenlehner, T. and Sikor, T. and Soloviy, I. and Spierenburg, M. and Taczanowska, K. and Tam, J. and von der Dunk, A.},
    number = {23},
    pages = {8812--8819},
    volume = {109},
    url = {http://www.pnas.org/cgi/doi/10.1073/pnas.1114773109},
    isbn = {0027-8424},
    doi = {10.1073/pnas.1114773109},
    issn = {0027-8424},
    pmid = {22615401},
    arxivId = {1307.3552}
}

@article{Soares-filho2014,
    title = {{Cracking Brazil ’ s Forest Code SM}},
    year = {2014},
    journal = {Science},
    author = {Soares-filho, Britaldo and Raj{\~{a}}o, Raoni and Macedo, Marcia and Carneiro, Arnaldo and Costa, William and Coe, Michael and Rodrigues, Hermann and Alencar, Ane},
    number = {April},
    pages = {363--364},
    volume = {344},
    isbn = {0036-8075},
    doi = {10.1126/science.124663},
    issn = {0036-8075},
    pmid = {24763575}
}

@article{IFPRI2017,
    title = {{Cropland Restoration as an Essential Component to the Forest Landscape Restoration Approach — Global Effects of Wide-Scale Adoption}},
    year = {2017},
    journal = {Cropland Restoration as an Essential Component to the Forest Landscape Restoration Approach — Global Effects of Wide-Scale Adoption},
    author = {{IFPRI}},
    number = {October},
    pages = {1--48}
}

@article{IFPRI2017a,
    title = {{Cropland Restoration as an Essential Component to the Forest Landscape Restoration Approach — Global Effects of Wide-Scale Adoption}},
    year = {2017},
    journal = {Cropland Restoration as an Essential Component to the Forest Landscape Restoration Approach — Global Effects of Wide-Scale Adoption},
    author = {{IFPRI}},
    number = {October},
    pages = {1--48}
}

@article{Guariguata2014b,
    title = {{Current Challenges and Perspectives for Governing Forest Restoration}},
    year = {2014},
    journal = {Forests},
    author = {Guariguata, Manuel and Brancalion, Pedro},
    number = {12},
    pages = {3022--3030},
    volume = {5},
    url = {http://www.mdpi.com/1999-4907/5/12/3022/},
    isbn = {1999-4907},
    doi = {10.3390/f5123022},
    issn = {1999-4907},
    keywords = {global policy, multiscalar governance, natural forest regeneration, payment for environmental services}
}

@phdthesis{Muler,
    title = {{Diversidade de Peperomia Ruiz {\&} Pav . em Santa Teresa , ES - Brasil}},
    year = {2014},
    author = {Muler, Ana Elena},
    pages = {1--17},
    school = {Instituto de Pesquisas Jardim Bot{\^{a}}nico do Rio de Janeiro Escola Nacional de Bot{\^{a}}nica Tropical Programa de P{\'{o}}s-gradua{\c{c}}{\~{a}}o Stricto Sensu},
    isbn = {9057820676}
}

@article{Crouzeilles2017a,
    title = {{Ecological restoration success is higher for natural regeneration than for active restoration in tropical forests}},
    year = {2017},
    journal = {Science Advances},
    author = {Crouzeilles, Renato and Ferreira, Mariana S. and Chazdon, Robin L. and Lindenmayer, David B. and Sansevero, Jerônimo B.B. and Monteiro, Lara and Iribarrem, Alvaro and Latawiec, Agnieszka E. and Strassburg, Bernardo B.N.},
    number = {11},
    pages = {1--8},
    volume = {3},
    doi = {10.1126/sciadv.1701345},
    issn = {23752548},
    pmid = {29134195}
}

@article{Menzel2010,
    title = {{Ecosystem services as a stakeholder-driven concept for conservation science}},
    year = {2010},
    journal = {Conservation Biology},
    author = {Menzel, Susanne and Teng, Jack},
    number = {3},
    pages = {907--909},
    volume = {24},
    isbn = {1523-1739},
    doi = {10.1111/j.1523-1739.2009.01347.x},
    issn = {08888892},
    pmid = {19843122}
}

@article{MitchellRuthJAuldMartinH.DLeDucMichaelGMarrs2000,
    title = {{Ecosystem stability and resilience: a review of their relevance for the conservation management of lowland heaths}},
    year = {2000},
    journal = {Perspectives in Plant Ecology, Evolution and Systematics},
    author = {Mitchell, Ruth J; Auld, Martin H. D; Le Duc, Michael G; Marrs, Robert H},
    pages = {142--160},
    volume = {3/2},
    keywords = {agement, canoco, conservation man-, ecosystem stability, heathland conservation, resilience, resistance}
}

@article{Sparovek2015,
    title = {{Effects of Governance on Availability of Land for Agriculture and Conservation in Brazil}},
    year = {2015},
    journal = {Environmental Science and Technology},
    author = {Sparovek, Gerd and Barretto, Alberto Giaroli De Oliveira Pereira and Matsumoto, Marcelo and Berndes, Göran},
    number = {17},
    pages = {10285--10293},
    volume = {49},
    isbn = {0013-936X},
    doi = {10.1021/acs.est.5b01300},
    issn = {15205851},
    pmid = {26241204}
}

@article{Calmon2011a,
    title = {{Emerging Threats and Opportunities for Large-Scale Ecological Restoration in the Atlantic Forest of Brazil}},
    year = {2011},
    journal = {Restoration Ecology},
    author = {Calmon, Miguel and Brancalion, Pedro H.S. and Paese, Adriana and Aronson, James and Castro, Pedro and da Silva, Sabrina C. and Rodrigues, Ricardo R.},
    number = {2},
    pages = {154--158},
    volume = {19},
    isbn = {1526-100X},
    doi = {10.1111/j.1526-100X.2011.00772.x},
    issn = {10612971},
    keywords = {Brazilian Forest Act, Ecosystem services, Environmental policy, High-diversity reforestation, Large-scale restoration, Natural capital, Tropical forest restoration}
}

@article{Blignaut2013,
    title = {{Establishing the links between economic development and the restoration of natural capital}},
    year = {2013},
    journal = {Current Opinion in Environmental Sustainability},
    author = {Blignaut, James and Esler, Karen J. and de Wit, Martin P. and Le Maitre, David and Milton, Suzanne J. and Aronson, James},
    number = {1},
    pages = {94--101},
    volume = {5},
    isbn = {1877-3435},
    doi = {10.1016/j.cosust.2012.12.003},
    issn = {18773435}
}

@article{Baccini2012,
    title = {{Estimated carbon dioxide emissions from tropical deforestation improved by carbon-density maps}},
    year = {2012},
    journal = {Nature Climate Change},
    author = {Baccini, A. and Goetz, S. J. and Walker, W. S. and Laporte, N. T. and Sun, M. and Sulla-Menashe, D. and Hackler, J. and Beck, P. S.A. and Dubayah, R. and Friedl, M. A. and Samanta, S. and Houghton, R. A.},
    number = {3},
    pages = {182--185},
    volume = {2},
    publisher = {Nature Publishing Group},
    url = {http://dx.doi.org/10.1038/nclimate1354},
    isbn = {1758-678X},
    doi = {10.1038/nclimate1354},
    issn = {1758678X},
    pmid = {28971966},
    arxivId = {1504.00980}
}

@article{Thomas2004,
    title = {{Extinction risk from climate change}},
    year = {2004},
    journal = {Nature},
    author = {Thomas, Chris D and Cameron, Alison and Green, Rhys E and Bakkenes, Michel and Beaumont, Linda J and Collingham, Yvonne C and Erasmus, Barend F N and Siqueira, Marinez Ferreira and Grainger, Alan and Hannah, Lee and Hughes, Lesley and Huntley, Brian and Jaarsveld, Albert S. van and Midgley, Guy F. and Miles, Lera and Ortega-Huerta, Miguel A. and Peterson, A. Townsend and Phillips, Oliver L. and Williams, Stephen E.},
    number = {Letters to nature},
    pages = {145--148},
    volume = {427}
}

@article{Helmer2008,
    title = {{Factors influencing spatial pattern in tropical forest clearance and stand age: Implications for carbon storage and species diversity}},
    year = {2008},
    journal = {Journal of Geophysical Research: Biogeosciences},
    author = {Helmer, E. H. and Brandeis, Thomas J. and Lugo, Ariel E. and Kennaway, Todd},
    number = {2},
    pages = {1--14},
    volume = {113},
    isbn = {0148-0227},
    doi = {10.1029/2007JG000568},
    issn = {01480227},
    keywords = {http://dx.doi.org/10.1029/2007JG000568, doi:10.102}
}

@article{Mansourian2017b,
    title = {{Forest Landscape Restoration : increasing the positive impacts of forest restoration or simply the area under tree cover ?}},
    year = {2017},
    journal = {Restoration Ecology},
    author = {Mansourian, Stephanie and Stanturf, John A and Afua, Mercy and Derkyi, Adutwumwaa and Engel, Vera Lex},
    number = {2},
    pages = {178--183},
    volume = {25},
    doi = {10.1111/rec.12489},
    keywords = {Bonn Challenge, Implications, hectare targets, restoration scale}
}

@article{Banerjee2009,
    title = {{Forest Management in Brazil}},
    year = {2009},
    journal = {the Journal of Environment {\&} Development},
    author = {Banerjee, Onil and Macpherson, Alexander J and Alavalapati, Janaki},
    number = {2},
    pages = {130--153},
    volume = {18},
    isbn = {0203214099},
    doi = {10.4324/9780203214091},
    keywords = {brazil, drove policy in the, expecta-, forest concessions, forest policy, nderstanding the forces that, past can inform our, public forest management law, sustainable forest management}
}

@article{Crk2009,
    title = {{Forest recovery in a tropical landscape: What is the relative importance of biophysical, socioeconomic, and landscape variables?}},
    year = {2009},
    journal = {Landscape Ecology},
    author = {Crk, Tanja and Uriarte, María and Corsi, Fabio and Flynn, Dan},
    number = {5},
    pages = {629--642},
    volume = {24},
    isbn = {0921-2973},
    doi = {10.1007/s10980-009-9338-8},
    issn = {09212973},
    keywords = {Agricultural abandonment, Forest transition, Secondary forest succession, Urbanization}
}

@article{CrouzeillesRenatoFerreiraMarianaS.Curran2016,
    title = {{Forest restoration: a global dataset for biodiversity and vegetation structure}},
    year = {2016},
    author = {Crouzeilles, Renato; Ferreira, Mariana S.; Curran, Michael},
    number = {May},
    pages = {2167},
    volume = {97},
    doi = {10.1002/ecy.1474/suppinfo.Manuscript},
    keywords = {The, amphibians, birds, ecological restoration, fragmentation index, invertebrates, landscape ecology, mammals, meta-analysis, reptiles, restoration success, species composition, vegetation structure.}
}

@article{Calder2007,
    title = {{Forests and water-Ensuring forest benefits outweigh water costs}},
    year = {2007},
    journal = {Forest Ecology and Management},
    author = {Calder, Ian R.},
    number = {1-2},
    pages = {110--120},
    volume = {251},
    isbn = {0378-1127},
    doi = {10.1016/j.foreco.2007.06.015},
    issn = {03781127},
    keywords = {Bridging research and policy, Forest and water interactions, Forest policy, Watershed development}
}

@article{Meli2017b,
    title = {{Four approaches to guide ecological restoration in Latin America}},
    year = {2017},
    journal = {Restoration Ecology},
    author = {Meli, Paula and Herrera, Francisco F. and Melo, Felipe and Pinto, Severino and Aguirre, Nicolay and Mus{\'{a}}lem, Karim and Minaverry, Clara and Ram{\'{i}}rez, Wilson and Brancalion, Pedro H.S.},
    number = {2},
    pages = {156--163},
    volume = {25},
    isbn = {1526-100X},
    doi = {10.1111/rec.12473},
    issn = {1526100X},
    keywords = {biodiversity, ecosystem services, public policy, socioecological}
}

@article{Meli2017bb,
    title = {{Four approaches to guide ecological restoration in Latin America}},
    year = {2017},
    journal = {Restoration Ecology},
    author = {Meli, Paula and Herrera, Francisco F. and Melo, Felipe and Pinto, Severino and Aguirre, Nicolay and Mus{\'{a}}lem, Karim and Minaverry, Clara and Ram{\'{i}}rez, Wilson and Brancalion, Pedro H.S.},
    number = {2},
    pages = {156--163},
    volume = {25},
    isbn = {1526-100X},
    doi = {10.1111/rec.12473},
    issn = {1526100X},
    keywords = {biodiversity, ecosystem services, public policy, socioecological}
}

@techreport{Ellison2018,
    title = {{From Myth to Concept and Beyond – The BioGeoPhysical Revolution and the Forest-Water Paradigm}},
    year = {2018},
    author = {Ellison, David},
    number = {April},
    doi = {10.13140/RG.2.2.26268.80004}
}

@article{Tambosi2015,
    title = {{Fun{\c{c}}ões eco-hidrol{\'{o}}gicas das florestas nativas e o C{\'{o}}digo Florestal}},
    year = {2015},
    journal = {Estudos Avan{\c{c}}ados - In Portuguese},
    author = {Tambosi, Leandro Reverberi and Vidal, Mariana Morais and Ferraz, Silvio Frosini de Barros and Metzger, Jean Paul},
    number = {84},
    pages = {151--162},
    volume = {29},
    url = {http://www.revistas.usp.br/eav/article/view/104956/103744},
    isbn = {1500020001},
    doi = {10.1590/S0103-40142015000200010},
    issn = {1806-9592}
}

@article{Lindenmayer2006,
    title = {{General management principles and a checklist of strategies to guide forest biodiversity conservation}},
    year = {2006},
    journal = {Biological Conservation},
    author = {Lindenmayer, D. B. and Franklin, J. F. and Fischer, J.},
    number = {3},
    pages = {433--445},
    volume = {131},
    isbn = {0006-3207},
    doi = {10.1016/j.biocon.2006.02.019},
    issn = {00063207},
    pmid = {1931},
    keywords = {Checklist of strategies, Forest biodiversity conservation, General conservation and management principles}
}

@article{Pinto2014a,
    title = {{Governing and delivering a biome-wide restoration initiative: The case of Atlantic Forest Restoration Pact in Brazil}},
    year = {2014},
    journal = {Forests},
    author = {Pinto, Severino R. and Melo, Felipe and Tabarelli, Marcelo and Padovesi, Aurélio and Mesquita, Carlos A. and de Mattos Scaramuzza, Carlos Alberto and Castro, Pedro and Carrascosa, Helena and Calmon, Miguel and Rodrigues, Ricardo and C{\'{e}}sar, Ricardo Gomes and Brancalion, Pedro H.S.},
    number = {9},
    pages = {2212--2229},
    volume = {5},
    isbn = {1999-4907},
    doi = {10.3390/f5092212},
    issn = {19994907},
    keywords = {Atlantic Forest Restoration Pact, Atlantic forest, Governance, Restoration}
}

@article{Crouzeilles2017,
    title = {{Hard times for the Brazilian environment}},
    year = {2017},
    journal = {Nature Ecology and Evolution},
    author = {Crouzeilles, Renato and Feltran-Barbieri, Rafael and Ferreira, Mariana S. and Strassburg, Bernardo B.N.},
    number = {9},
    pages = {1213},
    volume = {1},
    publisher = {Springer US},
    url = {http://dx.doi.org/10.1038/s41559-017-0303-7},
    doi = {10.1038/s41559-017-0303-7},
    issn = {2397334X}
}

@article{Orhan2012,
    title = {{Hedef programlama ile b{\"{u}}t{\"{u}}nle{\c{s}}ik u{\c{c}}ak rotalama ve bakim {\c{c}}izelgeleme}},
    year = {2012},
    journal = {Journal of the Faculty of Engineering and Architecture of Gazi University},
    author = {Orhan, Ilkay and Kapanoǧlu, Muzaffer and Karako{\c{c}}, T. Hikmet},
    number = {1},
    pages = {11--26},
    volume = {27},
    isbn = {0006-3207},
    doi = {10.1016/j.biocon.2005.04.019},
    issn = {13001884},
    keywords = {Air Transportation, Aircraft Maintenance Planning, Aircraft Routing, Goal Programming}
}

@article{Zahawi2014,
    title = {{Hidden Costs of Passive Restoration}},
    year = {2014},
    journal = {Restoration Ecology},
    author = {Zahawi, Rakan A. and Reid, John L. and Holl, Karen D.},
    number = {3},
    pages = {284--287},
    volume = {22},
    isbn = {1061-2971},
    doi = {10.1111/rec.12098},
    issn = {1526100X},
    keywords = {Active restoration, Natural regeneration, Secondary succession, Tropical forests}
}

@article{Elliott2008,
    title = {{How to Design Non-Disruptive Network Rules}},
    year = {2008},
    journal = {Bank Technology News},
    author = {Elliott, T Kent},
    number = {2},
    pages = {38},
    volume = {21},
    url = {https://www.lib.uwo.ca/cgi-bin/ezpauthn.cgi?url=http://search.proquest.com/docview/208171707?accountid=15115%5Cnhttp://vr2pk9sx9w.search.serialssolutions.com/?ctx_ver=Z39.88-2004&ctx_enc=info:ofi/enc:UTF-8&rfr_id=info:sid/ProQ%3Aabitrade&rft_val_fmt=info:},
    doi = {10.1126/science.1246663},
    issn = {10603506},
    keywords = {5140:Security management, 5220:Information technology management, 9190:United States, Access control, Business And Economics--Banking And Finance, Information technology, Network security, Organizational behavior, United States--US}
}

@article{Walters1997,
    title = {{Human ecological questions for tropical restoration: Experiences from planting native upland trees and mangroves in the Philippines}},
    year = {1997},
    journal = {Forest Ecology and Management},
    author = {Walters, Bradley B.},
    number = {1-2},
    pages = {275--290},
    volume = {99},
    isbn = {0378-1127},
    doi = {10.1016/S0378-1127(97)00211-9},
    issn = {03781127},
    keywords = {Ecological restoration, Human ecology, Mangroves, Rural development, Tropical forests}
}

@article{Menz2012a,
    title = {{Hurdles and Opportunities for Landscape-Scale Restoration}},
    year = {2012},
    journal = {SCIENCE},
    author = {Menz, Myles H M and Dixon, Kingsley W and Hobbs, Richard J},
    volume = {339}
}

@article{Filoso2017,
    title = {{Impacts of forest restoration on water yield : A systematic review}},
    year = {2017},
    journal = {PLOS One},
    author = {Filoso, Solange and Bezerra, Maira Ometto and Weiss, Katherine C B and Filoso, Solange and Palmer, Margaret A.},
    number = {8},
    pages = {1--26},
    volume = {12},
    isbn = {1111111111}
}

@article{Adams2016a,
    title = {{Impacts of large-scale forest restoration on socioeconomic status and local livelihoods: what we know and do not know}},
    year = {2016},
    journal = {Biotropica},
    author = {Adams, Cristina and Rodrigues, Sidney T. and Calmon, Miguel and Kumar, Chetan},
    number = {6},
    pages = {731--744},
    volume = {48},
    isbn = {0006-3606},
    doi = {10.1111/btp.12385},
    issn = {17447429},
    keywords = {forest governance, forest landscape restoration, reforestation}
}

@article{Wehi2017,
    title = {{Importance of including cultural practices in ecological restoration}},
    year = {2017},
    journal = {Conservation Biology},
    author = {Wehi, Priscilla M. and Lord, Janice M.},
    number = {5},
    pages = {1109--1118},
    volume = {31},
    isbn = {0006-3207},
    doi = {10.1111/cobi.12915},
    issn = {15231739},
    pmid = {26097240},
    keywords = {biocultural restoration, conocimiento ecol{\'{o}}gico tradicional, ecolog{\'{i}}a urbana, especies amenazadas, politics and policy, pol{\'{i}}tica y p{\'{o}}liza, restauraci{\'{o}}n biocultural, threatened species, traditional ecological knowledge, urban ecology}
}

@article{Crouzeilles2015,
    title = {{Incorporating habitat availability into systematic planning for restoration: A species-specific approach for Atlantic Forest mammals}},
    year = {2015},
    journal = {Diversity and Distributions},
    author = {Crouzeilles, Renato and Beyer, Hawthorne L. and Mills, Morena and Grelle, Carlos E.V. and Possingham, Hugh P.},
    number = {9},
    pages = {1027--1037},
    volume = {21},
    isbn = {1366-9516},
    doi = {10.1111/ddi.12349},
    issn = {14724642},
    pmid = {24287228},
    keywords = {GIS, Landscape ecology, Mathematical optimization, Metapopulation, Probability of Connectivity, Systematic conservation planning}
}

@article{CROUZEILLES2013,
    title = {{Increasing strict protection through protected areas on Brazilian private lands}},
    year = {2013},
    journal = {Environmental Conservation},
    author = {CROUZEILLES, RENATO and VALE, MARIANA M. and CERQUEIRA, RUI and GRELLE, CARLOS E. V.},
    number = {03},
    pages = {209--210},
    volume = {40},
    url = {http://www.journals.cambridge.org/abstract_S0376892912000367},
    doi = {10.1017/S0376892912000367},
    issn = {03768929}
}

@article{DiMinin2017,
    title = {{Integrating biodiversity, ecosystem services and socio-economic data to identify priority areas and landowners for conservation actions at the national scale}},
    year = {2017},
    journal = {Biological Conservation},
    author = {Di Minin, Enrico and Soutullo, Alvaro and Bartesaghi, Lucia and Rios, Mariana and Szephegyi, Maria Nube and Moilanen, Atte},
    pages = {56--64},
    volume = {206},
    publisher = {The Authors},
    url = {http://dx.doi.org/10.1016/j.biocon.2016.11.037},
    isbn = {0006-3207},
    doi = {10.1016/j.biocon.2016.11.037},
    issn = {00063207},
    keywords = {Aichi target 11, Ecosystem services, Spatial conservation prioritization, Sustainable development goals, Temperate grassland, Zonation software}
}

@article{Chazdon2017b,
    title = {{Landscape Restoration, Natural Regeneration, and the Forests of the Future}},
    year = {2017},
    journal = {Annals of the Missouri Botanical Garden},
    author = {Chazdon, Robin L.},
    number = {2},
    pages = {251--257},
    volume = {102},
    url = {http://www.bioone.org/doi/10.3417/2016035},
    isbn = {0026-6493},
    doi = {10.3417/2016035},
    issn = {0026-6493},
    keywords = {assisted natural regeneration, farmer-managed natural regeneration, form degraded and unproductive, lands into functional, landscape restoration, large-scale, opportunity to trans-, restoration, spatial prioritization, succession, we face an unprecedented}
}

@article{Leviston2018,
    title = {{Linkages between ecosystem services and human wellbeing: A Nexus Webs approach}},
    year = {2018},
    journal = {Ecological Indicators},
    author = {Leviston, Zoe and Walker, Iain and Green, Melissa and Price, Jennifer},
    number = {May},
    pages = {658--668},
    volume = {93},
    publisher = {Elsevier},
    url = {https://doi.org/10.1016/j.ecolind.2018.05.052},
    doi = {10.1016/j.ecolind.2018.05.052},
    issn = {1470160X},
    keywords = {Ecosystem services, Human wellbeing, Locus of control, Sense of place, Social psychology, Social-ecological systems, Solastalgia}
}

@article{Neary2009,
    title = {{Linkages between forest soils and water quality and quantity}},
    year = {2009},
    journal = {Forest Ecology and Management},
    author = {Neary, Daniel G. and Ice, George G. and Jackson, C. Rhett},
    number = {10},
    pages = {2269--2281},
    volume = {258},
    isbn = {0378-1127},
    doi = {10.1016/j.foreco.2009.05.027},
    issn = {03781127},
    pmid = {19657171},
    keywords = {Forest soils, Research needs, Science development, Watershed management}
}

@article{Mendes2018,
    title = {{Look down—there is a gap—the need to include soil data in Atlantic Forest restoration}},
    year = {2018},
    journal = {Restoration Ecology},
    author = {Mendes, Maiara S. and Latawiec, Agnieszka E. and Sansevero, Jerônimo B.B. and Crouzeilles, Renato and Moraes, Luiz F.D. and Castro, Ana and Alves-Pinto, Helena N. and Brancalion, Pedro H.S. and Rodrigues, Ricardo R. and Chazdon, Robin L. and Barros, Felipe S.M. and Santos, Juliana and Iribarrem, Alvaro and Mata, Stella and Lemgruber, Luisa and Rodrigues, Aline and Korys, Katarzyna and Strassburg, Bernardo B.N.},
    pages = {1--10},
    doi = {10.1111/rec.12875},
    issn = {1526100X},
    keywords = {Atlantic Forest, forest landscape restoration, gap analysis, restoration, soil–restoration relationship, systematic review}
}

@article{Pressey2015,
    title = {{Making parks make a difference: poor alignment of policy, planning and management with protected-area impact, and ways forward}},
    year = {2015},
    journal = {Philosophical Transactions of the Royal Society B: Biological Sciences},
    author = {Pressey, Robert L. and Visconti, Piero and Ferraro, Paul J.},
    number = {1681},
    volume = {370},
    isbn = {0962-8436},
    doi = {10.1098/rstb.2014.0280},
    issn = {14712970},
    pmid = {26460132},
    keywords = {Conservation planning, Impact evaluation, Performance management, Policy targets, Saving biodiversity}
}

@article{May2008,
    title = {{Manual Agroflorestal para a Mata Atl{\^{a}}ntica}},
    year = {2008},
    author = {May, Peter Herman and Trovatto, Cássio Murilo Moreira}
}

@article{Knight2010a,
    title = {{Mapping human and social dimensions of conservation opportunity for the scheduling of conservation action on private land}},
    year = {2010},
    journal = {Conservation Biology},
    author = {Knight, Andrew T. and Cowling, Richard M. and Difford, Mark and Campbell, Bruce M.},
    number = {5},
    pages = {1348--1358},
    volume = {24},
    isbn = {1523-1739},
    doi = {10.1111/j.1523-1739.2010.01494.x},
    issn = {08888892},
    pmid = {20345404},
    keywords = {Area selection, Conservation opportunity, Conservation planning, Social research, Systematic conservation assessment}
}

@article{MichaelJenkins2004a,
    title = {{Markets for Biodiversity Services}},
    year = {2004},
    author = {{Michael Jenkins} and Scherr, Sara J. and Inbar, Mira},
    pages = {32--42}
}

@article{Andam2008,
    title = {{Measuring the effectiveness of protected area networks in reducing deforestation}},
    year = {2008},
    journal = {Proceedings of the National Academy of Sciences},
    author = {Andam, K. S. and Ferraro, P. J. and Pfaff, A. and Sanchez-Azofeifa, G. A. and Robalino, J. A.},
    number = {42},
    pages = {16089--16094},
    volume = {105},
    url = {http://www.pnas.org/cgi/doi/10.1073/pnas.0800437105},
    isbn = {0027-8424},
    doi = {10.1073/pnas.0800437105},
    issn = {0027-8424},
    pmid = {18854414},
    arxivId = {arXiv:1011.1669v3}
}

@misc{Le2012a,
    title = {{More than just trees: Assessing reforestation success in tropical developing countries}},
    year = {2012},
    booktitle = {Journal of Rural Studies},
    author = {Le, Hai Dinh and Smith, Carl and Herbohn, John and Harrison, Stephen},
    isbn = {0743-0167},
    doi = {10.1016/j.jrurstud.2011.07.006},
    issn = {07430167},
    keywords = {Community forestry, Environmental services, Forest restoration, Reforestation success drivers, Reforestation success indicators, Smallholder forestry}
}

@article{Le2012,
    title = {{More than just trees: Assessing reforestation success in tropical developing countries}},
    year = {2012},
    journal = {Journal of Rural Studies},
    author = {Le, Hai Dinh and Smith, Carl and Herbohn, John and Harrison, Stephen},
    number = {1},
    pages = {5--19},
    volume = {28},
    publisher = {Elsevier Ltd},
    url = {http://dx.doi.org/10.1016/j.jrurstud.2011.07.006},
    isbn = {0743-0167},
    doi = {10.1016/j.jrurstud.2011.07.006},
    issn = {07430167},
    pmid = {24966671},
    keywords = {Community forestry, Environmental services, Forest restoration, Reforestation success drivers, Reforestation success indicators, Smallholder forestry}
}

@article{Ball2014b,
    title = {{Multi-scalar governance for restoring the Brazilian Atlantic forest: A case study on small landholdings in protected areas of sustainable development}},
    year = {2014},
    journal = {Forests},
    author = {Ball, Alaine A. and Gouzerh, Alice and Brancalion, Pedro H.S.},
    number = {4},
    pages = {599--619},
    volume = {5},
    isbn = {1999-4907},
    doi = {10.3390/f5040599},
    issn = {19994907},
    keywords = {Civil society, Environmental policy, Euterpe edulis, Good governance, Incentives, Participation, Project implementation, Smallholders, Trade-offs}
}

@article{Ulucan-Altuntas2018,
    title = {{Nano zero-valent iron supported on activated carbon: Effect of ac/nzvi ratio on removal of nickel ion from water}},
    year = {2018},
    journal = {Global Nest Journal},
    author = {Ulucan-Altuntas, K. and Debik, E. and Gungor, S.},
    number = {2},
    pages = {424--431},
    volume = {20},
    issn = {17907632},
    keywords = {Activated Carbon, Adsorption, Isotherm, Nano Zero Valent Iron, Nickel Removal}
}

@article{Chazdon2016c,
    title = {{Natural regeneration as a tool for large-scale forest restoration in the tropics: prospects and challenges}},
    year = {2016},
    journal = {Biotropica},
    author = {Chazdon, Robin L. and Guariguata, Manuel R.},
    number = {6},
    pages = {716--730},
    volume = {48},
    isbn = {1744-7429},
    doi = {10.1111/btp.12381},
    issn = {17447429},
    keywords = {cost-effective restoration, ecosystem services, landscape restoration, resilience, secondary succession, seed dispersal}
}

@article{Ribeiro2009,
    title = {{Notas sobre fenomenologia, percep{\c{c}}{\~{a}}o e educa{\c{c}}{\~{a}}o ambiental}},
    year = {2009},
    journal = {Sinapse Ambiental, setembro},
    author = {Ribeiro, Wallace Carvalho and Lobato, Wolney and Liberato, R de C},
    pages = {42--65},
    url = {http://www4.pucminas.br/graduacao/cursos/arquivos/ARE_ARQ_REVIS_ELETR20090930145705.pdf}
}

@article{Ellison2012,
    title = {{On the forest cover-water yield debate: From demand- to supply-side thinking}},
    year = {2012},
    journal = {Global Change Biology},
    author = {Ellison, David and Futter, Martyn N. and Bishop, Kevin},
    number = {3},
    pages = {806--820},
    volume = {18},
    isbn = {1365-2486},
    doi = {10.1111/j.1365-2486.2011.02589.x},
    issn = {13541013},
    keywords = {Afforestation, Climate change adaptation, Forest ecosystem services, Precipitation recycling, Water yield}
}

@phdthesis{Ulucan-Altuntas2018a,
    title = {{Pagamento por servi{\c{c}}os ambientais: limites e oportunidades para o desenvolvimento sustent{\'{a}}vel da agricultura faminiliar na Amaz{\^{o}}nia Brasileira}},
    year = {2008},
    author = {Costa, Rosangela Calado da},
    pages = {424--431},
    school = {Universidade de S{\~{a}}o Paulo},
    issn = {17907632},
    keywords = {Activated Carbon, Adsorption, Isotherm, Nano Zero Valent Iron, Nickel Removal}
}

@article{Costa2013,
    title = {{Pagamentos por servi{\c{c}}os ambientais , custos de oportunidade e a transi{\c{c}}{\~{a}}o para usos da terra alternativos : o caso de agricultores familiares do Nordeste Paraense}},
    year = {2013},
    journal = {Sustentabilidade em Debate},
    author = {Costa, Rosangela Calado da and Piketty, Marie-gabrielle and Abramovay, Ricardo},
    pages = {99--116},
    volume = {4},
    keywords = {agricultura familiar, agroflorestais e manejo de, amaz{\^{o}}nia brasileira, a{\c{c}}aizal, custos de, instrumentos econ{\^{o}}micos, oportunidade, pagamentos por servi{\c{c}}os ambientais, palavras-chave, proambiente}
}

@article{Galpern2011,
    title = {{Patch-based graphs of landscape connectivity: A guide to construction, analysis and application for conservation}},
    year = {2011},
    journal = {Biological Conservation},
    author = {Galpern, Paul and Manseau, Micheline and Fall, Andrew},
    number = {1},
    pages = {44--55},
    volume = {144},
    publisher = {Elsevier Ltd},
    url = {http://dx.doi.org/10.1016/j.biocon.2010.09.002},
    isbn = {0006-3207},
    doi = {10.1016/j.biocon.2010.09.002},
    issn = {00063207},
    keywords = {Actual connectivity, Functional connectivity, Graph theory, Landscape graphs, Patch-based graphs}
}

@article{Dias2016a,
    title = {{Patterns of land use, extensification, and intensification of Brazilian agriculture}},
    year = {2016},
    journal = {Global change biology},
    author = {Dias, Lívia C.P. and Pimenta, Fernando M. and Santos, Ana B. and Costa, Marcos H. and Ladle, Richard J.},
    number = {8},
    pages = {2887--2903},
    volume = {22},
    isbn = {1365-2486 (Electronic) 1354-1013 (Linking)},
    doi = {10.1111/gcb.13314},
    issn = {13652486},
    pmid = {27170520},
    keywords = {Brazilian agriculture, extensification, intensification, land use change, sustainable agriculture}
}

@article{Shono2007,
    title = {{Performance of 45 native tree species on degraded lands in Singapore}},
    year = {2007},
    journal = {Journal of Tropical Forest Science},
    author = {Shono, K. and Davies, S. J. and Chua, Y. K.},
    number = {1},
    pages = {25--34},
    volume = {19},
    isbn = {0128-1283},
    doi = {10.1002/9781119990475.ch3},
    issn = {01281283},
    keywords = {Native species trial, Species selection, Tropical reforestation}
}

@book{Brasil2017,
    title = {{Plano Nacional de Recupera{\c{c}}{\~{a}}o da Vegeta{\c{c}}{\~{a}}o Nativa}},
    year = {2017},
    author = {{Brasil}},
    pages = {73},
    isbn = {9788577383368}
}

@book{BrazilianMinistryofEnvironment2017,
    title = {{Plano Nacional de Recupera{\c{c}}{\~{a}}o da Vegeta{\c{c}}{\~{a}}o Nativa}},
    year = {2017},
    author = {{Brasil. Minist{\'{e}}rio do Meio Ambiente.}},
    pages = {73},
    url = {http://www.mma.gov.br/images/arquivos/florestas/planaveg_plano_nacional_recuperacao_vegetacao_nativa.pdf},
    isbn = {9788577383368},
    pmid = {16586023}
}

@article{Thomas1998,
    title = {{Plant endemism in two forests in southern Bahia, Brazil}},
    year = {1998},
    journal = {Biodiversity and Conservation},
    author = {Thomas, Wm Wayt and De Carvalho, André M.V. and Amorim, André M.A. and Garrison, Judith and Arbel{\'{a}}ez, Alba L.},
    number = {3},
    pages = {311--322},
    volume = {7},
    isbn = {0960-3115},
    doi = {10.1023/A:1008825627656},
    issn = {09603115},
    keywords = {Atlantic coastal forest, Bahia, Brazil, Endemism, Flora}
}

@article{Kudoh2010,
    title = {{Preoperative evaluation, preparation and prognosis in depressed patients}},
    year = {2010},
    journal = {Japanese Journal of Anesthesiology},
    author = {Kudoh, Akira},
    number = {9},
    pages = {1116--1127},
    volume = {59},
    isbn = {0021-4892 (Print)0021-4892 (Linking)},
    doi = {10.1038/35012251},
    issn = {00214892},
    pmid = {20857666},
    arxivId = {j.1744-7429.2008.00471.x},
    keywords = {Antidepressants, Perioperative endocrine and immune response, Postoperative confusion, Preoperative medical problems}
}

@article{Gibson2011,
    title = {{Primary forests are irreplaceable for sustaining tropical biodiversity}},
    year = {2011},
    journal = {Nature},
    author = {Gibson, Luke and Lee, Tien Ming and Koh, Lian Pin and Brook, Barry W. and Gardner, Toby A. and Barlow, Jos and Peres, Carlos A. and Bradshaw, Corey J A and Laurance, William F. and Lovejoy, Thomas E. and Sodhi, Navjot S.},
    number = {7369},
    pages = {378--381},
    volume = {478},
    publisher = {Nature Publishing Group},
    url = {http://dx.doi.org/10.1038/nature10425},
    isbn = {0028-0836},
    doi = {10.1038/nature10425},
    issn = {00280836},
    pmid = {21918513},
    arxivId = {arXiv:1011.1669v3}
}

@book{NossReedNielsenScottVance-Borland1982,
    title = {{Prioritizing ecosystems, species, and sites for Restoration}},
    year = {2009},
    booktitle = {Spatial Conservation Prioritization: Quantitative Methods and Computational Tools.},
    author = {Noss R, Nielsen S, Vance-Borland K.},
    editor = {Moilanen A, Wilson KA, Possingham HP, Editors.},
    pages = {158--171},
    volume = {Chapter 12},
    publisher = {Oxford: Oxford University Press},
    doi = {10.1063/1.1136903},
    issn = {00346748}
}

@phdthesis{Miranda2017,
    title = {{Projetos de restaura{\c{c}}{\~{a}}o ecol{\'{o}}gica: percep{\c{c}}{\~{a}}o ambiental e intera{\c{c}}{\~{a}}o de comunidades urbanas}},
    year = {2017},
    author = {Miranda, Beatriz Castro},
    pages = {68},
    school = {Escola Nacional de Bot{\^{a}}nica Tropical},
    isbn = {9057820676}
}

@article{Jindal2012,
    title = {{Reducing Poverty Through Carbon Forestry? Impacts of the N'hambita Community Carbon Project in Mozambique}},
    year = {2012},
    journal = {World Development},
    author = {Jindal, Rohit and Kerr, John M. and Carter, Sarah},
    number = {10},
    pages = {2123--2135},
    volume = {40},
    publisher = {Elsevier Ltd},
    url = {http://dx.doi.org/10.1016/j.worlddev.2012.05.003},
    isbn = {0305-750X},
    doi = {10.1016/j.worlddev.2012.05.003},
    issn = {0305750X},
    keywords = {Africa, Carbon, Impacts, Mozambique, PES, REDD}
}

@book{MiccolisAndrewPeneireiroFabianaMongeliMarquesHenriqueRodriguesVieiraDanielLuisMasciaArco-VerdeMarceloFrancioHoffmannMauricioRigonRehderTatianaPereira2016,
    title = {{Restaura{\c{c}}{\~{a}}o ecol{\'{o}}gica com Sistemas Agroflorestais: como conciliar conserva{\c{c}}{\~{a}}o com produ{\c{c}}{\~{a}}o}},
    year = {2016},
    booktitle = {Urology},
    author = {Miccolis, Andrew; Peneireiro, Fabiana Mongeli; Marques, Henrique Rodrigues; Vieira, Daniel Luis Mascia; Arco-Verde, Marcelo Francio; Hoffmann, Maur{\'{i}}cio Rigon; Rehder, Tatiana; Pereira, Abílio Vinicius Barbosa},
    number = {6},
    pages = {1--266},
    volume = {4},
    isbn = {9788563288189},
    doi = {10.1016/0090-4295(74)90266-0},
    issn = {15279995},
    pmid = {4616440},
    keywords = {agroflorestais, caatinga, como conciliar conserva{\c{c}}{\~{a}}o com, op{\c{c}}ões para cerrado e, produ{\c{c}}{\~{a}}o}
}

@article{Jones2018,
    title = {{Restoration and repair of Earth's damaged ecosystems}},
    year = {2018},
    journal = {In review},
    author = {Jones, Holly P. and Jones, Peter C. and Barbier, Edward B. and Blackburn, Ryan C. and Benayas, Jose M. Rey and Holl, Karen D. and McCrackin, Michelle and Meli, Paula and Montoya, Daniel and Moreno-Mateos, David},
    doi = {10.1098/rspb.2017.2577},
    issn = {0962-8452},
    pmid = {29491171},
    keywords = {ecology, environmental science}
}

@article{Ruiz-Jaen2005,
    title = {{Restoration success: How is it being measured?}},
    year = {2005},
    journal = {Restoration Ecology},
    author = {Ruiz-Jaen, Maria C. and Aide, T. Mitchell},
    number = {3},
    pages = {569--577},
    volume = {13},
    isbn = {1061-2971},
    doi = {10.1111/j.1526-100X.2005.00072.x},
    issn = {10612971},
    pmid = {24425529},
    keywords = {Diversity, Ecological processes, Ecosystem attributes, Replication, Restoration success, Vegetation structure}
}

@article{MICCOLIS2017,
    title = {{Restoration Through Agroforestry: Options for Reconciling Livelihoods With Conservation in the Cerrado and Caatinga Biomes in Brazil}},
    year = {2017},
    journal = {Experimental Agriculture},
    author = {MICCOLIS, ANDREW and PENEIREIRO, FABIANA MONGELI and VIEIRA, DANIEL LUIS MASCIA and MARQUES, HENRIQUE RODRIGUES and HOFFMANN, MAURÍCIO RIGON MOURA},
    number = {May},
    pages = {1--18},
    isbn = {0014479717000},
    doi = {10.1017/S0014479717000138},
    issn = {14694441}
}

@article{Holl2017,
    title = {{Restoring tropical forests from the bottom up}},
    year = {2017},
    journal = {Science},
    author = {Holl, Karen D.},
    number = {6324},
    pages = {455--456},
    volume = {355},
    url = {http://www.sciencemag.org/lookup/doi/10.1126/science.aam5432},
    isbn = {0036-8075, 1095-9203},
    doi = {10.1126/science.aam5432},
    issn = {10959203},
    pmid = {28154033}
}

@article{Ding2017,
    title = {{Roots of Prosperity: The Economics and Finance of Restoring Land}},
    year = {2017},
    journal = {WRI: Washington, DC, USA},
    author = {Ding, H and Faruqi, S and Carlos Altamirano, J}
}

@article{Tubenchlak2017,
    title = {{Sistemas agroflorestais: Aumento e diversifica{\c{c}}{\~{a}}o da produ{\c{c}}{\~{a}}o de alimentos como estrat{\'{e}}gia para restaura{\c{c}}{\~{a}}o de paisagens no Noroeste Fluminense – RJ, Brasil}},
    year = {2017},
    author = {Tubenchlak, Fernanda and Pepe, Isabelle and Felippe, Eiser Luis da Costa and Siqueira, Ana Paula Pegorer},
    volume = {13},
    url = {http://cadernos.aba-agroecologia.org.br/index.php/cadernos/article/view/334/1296},
    keywords = {agroflorestais, agroforestry systems, aumento e diversifica{\c{c}}{\~{a}}o da, brasil, de paisagens no noroeste, estrat{\'{e}}gia para restaura{\c{c}}{\~{a}}o, fluminense, food production as a, increase and diversification of, produ{\c{c}}{\~{a}}o de alimentos como, rj, strategy}
}

@article{Ecker2016b,
    title = {{Social dimensions of biodiversity conservation programs Respond to landholder motivations for biodiversity conservation}},
    year = {2016},
    author = {Ecker, Saan},
    pages = {151--162}
}

@article{Gilliam2011,
    title = {{Spatial Variability in Soil Microbial Communities in a Nitrogen-Saturated Hardwood Forest Watershed}},
    year = {2011},
    journal = {Soil Science Society of America Journal},
    author = {Gilliam, Frank S. and McCulley, Rebecca L. and Nelson, Jim A.},
    number = {1},
    pages = {280},
    volume = {75},
    url = {https://www.soils.org/publications/sssaj/abstracts/75/1/280},
    isbn = {0361-5995},
    doi = {10.2136/sssaj2010.0172},
    issn = {1435-0661},
    pmid = {278259}
}

@article{Lamarque2011,
    title = {{Stakeholder perceptions of grassland ecosystem services in relation to knowledge on soil fertility and biodiversity}},
    year = {2011},
    journal = {Regional Environmental Change},
    author = {Lamarque, Pénélope and Tappeiner, Ulrike and Turner, Catherine and Steinbacher, Melanie and Bardgett, Richard D. and Szukics, Ute and Schermer, Markus and Lavorel, Sandra},
    number = {4},
    pages = {791--804},
    volume = {11},
    isbn = {1436-3798},
    doi = {10.1007/s10113-011-0214-0},
    issn = {14363798},
    keywords = {Biodiversity, Ecosystem services, Mountain grasslands, Soil fertility, Stakeholders' perceptions}
}

@article{Lazos-Chavero2016,
    title = {{Stakeholders and tropical reforestation: challenges, trade-offs, and strategies in dynamic environments}},
    year = {2016},
    journal = {Biotropica},
    author = {Lazos-Chavero, Elena and Zinda, John and Bennett-Curry, Aoife and Balvanera, Patricia and Bloomfield, Gillian and Lindell, Catherine and Negra, Christine},
    number = {6},
    pages = {900--914},
    volume = {48},
    isbn = {0012-0472},
    doi = {10.1111/btp.12391},
    issn = {17447429},
    keywords = {Chamela-Cuitzmala reserve, Mexico, environmental and social benefits, reforestation trade-offs, stakeholder dynamics, tropical reforestation}
}

@article{Evans2016a,
    title = {{Success from the ground up Participatory monitoring and forest restoration}},
    year = {2016},
    journal = {Occasional Paper 159},
    author = {Evans, Kristen A and Guariguata, Manuel R}
}

@article{Taylor1993,
    title = {{Taylor, P. D.; Fahrig, L.; Henein, K.; Merriam, G. Connectivity is a vital element of landscape structure. Oikos, v. 68, n. 3, p. 571–573, 1993.}},
    year = {1993},
    journal = {Oikos},
    author = {Taylor, P. D. and Fahrig, L. and Henein, K. and Merriam, G.},
    number = {3},
    pages = {571--573},
    volume = {68},
    url = {http://www.jstor.org/stable/3544927},
    isbn = {0030-1299},
    doi = {10.2307/3544927},
    issn = {00301299},
    pmid = {21211708}
}

@article{Crouzeilles2014,
    title = {{The effects of the number, size and isolation of patches along a gradient of native vegetation cover: How can we increment habitat availability?}},
    year = {2014},
    journal = {Landscape Ecology},
    author = {Crouzeilles, Renato and Prevedello, Jayme Augusto and Figueiredo, Marcos de Souza Lima and Lorini, Maria Lucia and Grelle, Carlos Eduardo Viveiros},
    number = {3},
    pages = {479--489},
    volume = {29},
    isbn = {0921-2973},
    doi = {10.1007/s10980-013-9978-6},
    issn = {09212973},
    keywords = {Brazilian Atlantic Forest, Connectivity conservation, GIS, Habitat fragmentation, Landscape metrics, Restoration}
}

@book{UNESCO2018,
    title = {{The handbook on water information systems: administration, processing and explotation of water-related data}},
    year = {2018},
    author = {{UNESCO}},
    number = {March},
    isbn = {9782956365600}
}

@book{Arico2001,
    title = {{The Millenium Ecosystem Assessment}},
    year = {2001},
    author = {Arico, Salvatore and Bridgewater, Peter and El-beltagy, Adel and Harms, Erika and Program, Senior and Hepworth, Robert and Leitner, Kerstin and Oteng-yeboah, Alfred and Ramos, Mario A and Watson, Robert T},
    url = {http://www.who.int/entity/globalchange/ecosystems/ecosys.pdf%5Cnhttp://chapter.ser.org/europe/files/2012/08/Harris.pdf},
    isbn = {1597260401},
    doi = {10.1196/annals.1439.003},
    issn = {00029513},
    pmid = {2472066},
    arxivId = {arXiv:1011.1669v3}
}

@article{Verdone2017,
    title = {{Time, space, place, and the Bonn Challenge global forest restoration target}},
    year = {2017},
    journal = {Restoration Ecology},
    author = {Verdone, Michael and Seidl, Andrew},
    number = {6},
    pages = {903--911},
    volume = {25},
    doi = {10.1111/rec.12512},
    issn = {1526100X},
    keywords = {climate mitigation, ecosystem services, forest landscape restoration, international environmental policy, land use, nonmarket valuation}
}

@article{D.J.PannellG.R.MarshallN.BarrA.Curtis2006a,
    title = {{Understanding and promoting adoption of conservation practices by rural landholders}},
    year = {2006},
    journal = {Extension Australian Journal of Experimental Agriculture},
    author = {D. J. Pannell, G. R. Marshall, N. Barr, A. Curtis, F. Vanclay and R. Wilkinson},
    number = {46},
    pages = {1407–1424}
}

@article{Irene2014,
    title = {{Uso urbano e servi{\c{c}}os ecossist{\^{e}}micos em {\'{a}}reas protegidas : o caso do Parque Guaraciaba em Santo Andr{\'{e}} (SP)}},
    year = {2014},
    journal = {APP Urbana 2014},
    author = {Irene, Sandra and Rodrigues, Simone and Helena, Silvia},
    number = {X},
    pages = {1--15}
}

@article{Moom-SchultS.IFreitasSRPassarelli2014,
    title = {{Uso urbano e servi{\c{c}}os ecossist{\^{e}}micos em {\'{a}}reas protegidas: o caso do Parque Guaraciaba em Santo Andr{\'{e}} (SP)}},
    year = {2014},
    journal = {III Semin{\'{a}}rio Nacional sobre o Tratamento de {\'{a}}reas de Preserva{\c{c}}{\~{a}}o Permanente em Meio Urbano e Restri{\c{c}}ões Ambientais ao Parcelamento do Solo},
    author = {Moom-Schult, S. I; Freitas, S R; Passarelli, S. H},
    pages = {1--15},
    keywords = {()}
}

@article{Crouzeilles2016,
    title = {{Which landscape size best predicts the influence of forest cover on restoration success? A global meta-analysis on the scale of effect}},
    year = {2016},
    journal = {Journal of Applied Ecology},
    author = {Crouzeilles, Renato and Curran, Michael},
    number = {2},
    pages = {440--448},
    volume = {53},
    isbn = {00218901},
    doi = {10.1111/1365-2664.12590},
    issn = {13652664},
    keywords = {Amphibians, Birds, Buffer size, Fragmentation, Habitat loss, Invertebrates, Mammals, Reptiles, Species composition, Vegetation structure}
}

@article{Houghton2015ACO2,
    title = {{A role for tropical forests in stabilizing atmospheric CO2}},
    year = {2015},
    journal = {Nature Climate Change},
    author = {Houghton, R. A. and Byers, Brett and Nassikas, Alexander A.},
    isbn = {1758-678X},
    doi = {10.1038/nclimate2869},
    issn = {17586798}
}

@techreport{LuizRodriguesGoncalvesJorgeLuizVivanAGROFORESTRYPEOPLE,
    title = {{AGROFORESTRY AND CONSERVATION PROJECTS IN BRAZIL: CARBON, BIODIVERSITY, CLIMATE, AND PEOPLE}},
    author = {Luiz Rodrigues Gon{\c{c}}alves Jorge Luiz Vivan, Andre}
}

@incollection{Martins2018AlternativeTechniques,
    title = {{Alternative Forest Restoration Techniques}},
    year = {2018},
    booktitle = {New Perspectives in Forest Science},
    author = {Martins, Sebastião Venâncio},
    doi = {10.5772/intechopen.72908}
}

@misc{Cunningham2015BalancingRegions,
    title = {{Balancing the environmental benefits of reforestation in agricultural regions}},
    year = {2015},
    booktitle = {Perspectives in Plant Ecology, Evolution and Systematics},
    author = {Cunningham, S. C. and Mac Nally, R. and Baker, P. J. and Cavagnaro, T. R. and Beringer, J. and Thomson, J. R. and Thompson, R. M.},
    isbn = {14338319 (ISSN)},
    doi = {10.1016/j.ppees.2015.06.001},
    issn = {16180437},
    keywords = {Biodiversity, Carbon sequestration, Habitat resources, Nutrient cycling, Revegetation, Water yield}
}

@article{SaatchiSSHarrisNLBrownSLefskyMMitchardETSalasWZuttaBRBuermannWLewisSLHagenSPetrovaSWhiteLSilmanM2011BenchmarkContinents,
    title = {{Benchmark map of forest carbon stocks in tropical regions across three continents}},
    year = {2011},
    journal = {Proceedings of the National Academy of Sciences},
    author = {Saatchi SS, Harris NL, Brown S, Lefsky M, Mitchard ET, Salas W, Zutta BR, Buermann W, Lewis SL, Hagen S, Petrova S, White L, Silman M, Morel A.},
    number = {108},
    pages = {9899–9904}
}

@article{Tanner2016BiomassRates,
    title = {{Biomass and Soil Carbon Stocks in Wet Montane Forest, Monteverde Region, Costa Rica: Assessments and Challenges for Quantifying Accumulation Rates}},
    year = {2016},
    journal = {International Journal of Forestry Research},
    author = {Tanner, Lawrence H. and Wilckens, Megan T. and Nivison, Morgan A. and Johnson, Katherine M.},
    isbn = {1687-93681687-9376},
    doi = {10.1155/2016/5812043},
    issn = {16879376}
}

@techreport{2015CarbonPROGRAMME,
    title = {{Carbon Accounting Best practices in approaches at various scales for forest landscape restoration GLOBAL FOREST AND CLIMATE CHANGE PROGRAMME}},
    year = {2015},
    url = {www.iucn.org/FLR}
}

@techreport{2015CarbonPROGRAMMEb,
    title = {{Carbon Accounting Best practices in approaches at various scales for forest landscape restoration GLOBAL FOREST AND CLIMATE CHANGE PROGRAMME}},
    year = {2015},
    url = {www.iucn.org/FLR}
}

@article{Macedo2008ChangesTrees,
    title = {{Changes in soil C and N stocks and nutrient dynamics 13 years after recovery of degraded land using leguminous nitrogen-fixing trees}},
    year = {2008},
    journal = {Forest Ecology and Management},
    author = {Macedo, M. O. and Resende, A. S. and Garcia, P. C. and Boddey, R. M. and Jantalia, C. P. and Urquiaga, S. and Campello, E. F.C. and Franco, A. A.},
    isbn = {0378-1127},
    doi = {10.1016/j.foreco.2007.11.007},
    issn = {03781127},
    keywords = {Atlantic forest, Carbon sink, Climate change, Forest soil, Nutrient cycling, Rehabilitation of degraded land}
}

@article{Joyce2013ClimateStrategies,
    title = {{Climate change and North American rangelands: Assessment of mitigation and adaptation strategies}},
    year = {2013},
    journal = {Rangeland Ecology and Management},
    author = {Joyce, Linda A. and Briske, David D. and Brown, Joel R. and Polley, H. Wayne and McCarl, Bruce A. and Bailey, Derek W.},
    isbn = {1550-7424},
    doi = {10.2111/REM-D-12-00142.1},
    issn = {15507424},
    keywords = {carbon sequestration, land change science, social learning, social-ecological systems, sustainability, transformation}
}

@inproceedings{Sauerbeck2001CO2emissionsLimitations,
    title = {{CO2emissions and C sequestration by agriculture - Perspectives and limitations}},
    year = {2001},
    booktitle = {Nutrient Cycling in Agroecosystems},
    author = {Sauerbeck, D. R.},
    isbn = {1385-1314},
    doi = {10.1023/A:1012617516477},
    issn = {13851314},
    pmid = {279},
    keywords = {Agricultural biofuels, CO2mitigation, Carbon sequestration, Land use changes, Soil organic matter}
}

@misc{MAPBIOMAS2018Collection2000-2016,
    title = {{Collection 3 of annual series of land cover and land use in Brazil, 2000-2016}},
    author = {{MAPBIOMAS (2018)}},
    url = {http://mapbiomas.org/map#coverage}
}

@misc{20182018Contas2018,
    title = {{Contas Nacionais Trimestrais - Refer{\^{e}}ncia 2010 - 3{\textordmasculine} trimestre 2018}},
    year = {2018},
    author = {(2018), IBGE},
    url = {https://sidra.ibge.gov.br/home/cnt/brasil}
}

@article{Brancalion2014CulturalForest,
    title = {{Cultural Ecosystem Services and Popular Perceptions of the Benefits of an Ecological Restoration Project in the Brazilian Atlantic Forest}},
    year = {2014},
    author = {Brancalion, Pedro H S and Cardozo, Ines Villarroel and Camatta, Allan and Aronson, James and Rodrigues, Ricardo R},
    number = {1},
    pages = {65--71},
    volume = {22},
    doi = {10.1111/rec.12025},
    keywords = {monitoring, payments for ecosystem services, restoration assessment, restoration planting, tropical forest}
}

@article{Wang2016DynamicsChina,
    title = {{Dynamics of ecosystem carbon stocks during vegetation restoration on the Loess Plateau of China}},
    year = {2016},
    journal = {Journal of Arid Land},
    author = {Wang, Kaibo and Deng, Lei and Ren, Zongping and Shi, Weiyu and Chen, Yiping and Shang-Guan, Zhouping},
    isbn = {4033301500913},
    doi = {10.1007/s40333-015-0091-3},
    issn = {21947783},
    keywords = {Loess Plateau, ages, carbon stocks, natural vegetation restoration, tree plantation}
}

@article{Xu2018EffectsChina,
    title = {{Effects of forest restoration on soil carbon, nitrogen, phosphorus, and their stoichiometry in Hunan, Southern China}},
    year = {2018},
    journal = {Sustainability (Switzerland)},
    author = {Xu, Chuanhong and Xiang, Wenhua and Gou, Mengmeng and Chen, Liang and Lei, Pifeng and Fang, Xi and Deng, Xiangwen and Ouyang, Shuai},
    doi = {10.3390/su10061874},
    issn = {20711050},
    keywords = {Restoration stages, Soil layers, Soil nutrient, Soil stoichiometry, Subtropical secondary forest}
}

@techreport{IIS2017EstudoPaulista,
    title = {{Estudo da Economia dos Ecossistemas e da biodiversidade (TEEB) - Bacia do Rio Para{\'{i}}ba do Sul-Por{\c{c}}{\~{a}}o Paulista}},
    year = {2017},
    author = {{IIS}}
}

@article{Wortley2013EvaluatingLiterature,
    title = {{Evaluating ecological restoration success: A review of the literature}},
    year = {2013},
    journal = {Restoration Ecology},
    author = {Wortley, Liana and Hero, Jean Marc and Howes, Michael},
    isbn = {10612971},
    doi = {10.1111/rec.12028},
    issn = {10612971},
    pmid = {WOS:000323734500003},
    keywords = {Diversity and abundance, Ecological function, Natural resource management, Socioeconomic, Vegetation structure}
}

@book{Dudley2005ForestContext,
    title = {{Forest Landscape Restoration in Context}},
    year = {2005},
    author = {Dudley, Nigel and Mansourian, Stephanie and Vallauri, Daniel},
    editor = {Mansourian, S., Vallauri, D., Dudley, N., eds. (in cooperation with WWF Inter- and {National)}},
    pages = {3--7},
    publisher = {Springer, New York.}
}

@article{Brancalion2016FunctionalReid,
    title = {{Functional composition trajectory: A resolution to the debate between Suganuma, Durigan, and Reid}},
    year = {2016},
    journal = {Restoration Ecology},
    author = {Brancalion, Pedro H.S. and Holl, Karen D.},
    isbn = {10612971},
    doi = {10.1111/rec.12312},
    issn = {1526100X},
    keywords = {Forest succession, Functional ecology, Functional traits, Monitoring protocols, Restoration monitoring, Restoration success}
}

@article{Stanturf2015FutureChallenges,
    title = {{Future landscapes: opportunities and challenges}},
    year = {2015},
    journal = {New Forests},
    author = {Stanturf, John A.},
    isbn = {1105601595},
    doi = {10.1007/s11056-015-9500-x},
    issn = {01694286},
    pmid = {10534751},
    keywords = {Adaptation, Climate change, Functional restoration, Socio-ecological systems}
}

@article{Brinck2017HighCycle,
    title = {{High resolution analysis of tropical forest fragmentation and its impact on the global carbon cycle}},
    year = {2017},
    journal = {Nature Communications},
    author = {Brinck, Katharina and Fischer, Rico and Groeneveld, Jürgen and Lehmann, Sebastian and Dantas De Paula, Mateus and P{\"{u}}tz, Sandro and Sexton, Joseph O. and Song, Danxia and Huth, Andreas},
    isbn = {9780632035489},
    doi = {10.1038/ncomms14855},
    issn = {20411723},
    pmid = {28303883}
}

@article{Shimamoto2014HowForest,
    title = {{How much carbon is sequestered during the restoration of tropical forests? Estimates from tree species in the Brazilian Atlantic forest}},
    year = {2014},
    journal = {Forest Ecology and Management},
    author = {Shimamoto, Carolina Y. and Botosso, Paulo C. and Marques, Márcia C M},
    isbn = {0378-1127},
    doi = {10.1016/j.foreco.2014.06.002},
    issn = {03781127},
    keywords = {Carbon sequestration, Ecological groups, Fast-growing species, Slow-growing species, Tree age estimation, Wood specific gravity}
}

@article{Brancalion2013HowBrazil,
    title = {{How to Organize a Large-Scale Ecological Restoration Program ? The Framework Developed by the Atlantic Forest Restoration Pact in Brazil}},
    year = {2013},
    author = {Brancalion, Pedro H S and Viani, Ricardo A G and Calmon, Miguel and Carrascosa, Helena and Rodrigues, Ricardo R},
    number = {October},
    pages = {37--41},
    doi = {10.1080/10549811.2013.817339}
}

@misc{PNUD2018IDHBrasil,
    title = {{IDH | PNUD Brasil}},
    author = {{PNUD (2018)}},
    url = {http://www.br.undp.org/content/brazil/pt/home/idh0.html}
}

@techreport{StanturfIMPLEMENTINGGuide,
    title = {{IMPLEMENTING FOREST LANDSCAPE RESTORATION A Practitioner's Guide}},
    author = {Stanturf, John and Mansourian, Stephanie and Kleine, Michael}
}

@article{MisionesIncorporatingRestoration,
    title = {{Incorporating landowners’ decision into spatial prioritization for forest restoration}},
    author = {Misiones, Nacional De}
}

@article{Lemgruber2017Luisa2017,
    title = {{Luisa Santiago Lemgruber Rio de Janeiro 2017}},
    year = {2017},
    author = {Lemgruber, Luisa Santiago}
}

@article{FaoNationalSurv,
    title = {{National socioeconomic surveys in forestry Guidance and survey modules for measuring the multiple roles of forests in household welfare and livelihoods National socioeconomic surveys in forestry National socioeconomic surveys in forestry Guidance and surv}},
    author = {{Fao}},
    isbn = {978-92-5-109438-9},
    issn = {0258-6150}
}

@article{HillOEcoturismo,
    title = {{O turismo no Morro da Babil{\^{o}}nia ( RJ ): do reflorestamento ao Ecoturismo}},
    author = {Hill, Babilônia},
    pages = {11--28}
}

@article{Ritchie2014PlantGrassland,
    title = {{Plant compensation to grazing and soil carbon dynamics in a tropical grassland}},
    year = {2014},
    journal = {PeerJ},
    author = {Ritchie, Mark E.},
    isbn = {2167-8359 (Electronic)},
    doi = {10.7717/peerj.233},
    issn = {2167-8359},
    pmid = {24498573}
}

@techreport{Stavins1997PolicyProblem,
    title = {{Policy Instruments for Climate Change: How Can National Governments Address a Global Problem?}},
    year = {1997},
    booktitle = {University of Chicago Legal Forum},
    author = {Stavins, Robert N},
    pages = {10},
    volume = {10},
    url = {http://chicagounbound.uchicago.edu/uclfhttp://chicagounbound.uchicago.edu/uclf/vol1997/iss1/10}
}

@article{Rincker2006RelationshipSteers,
    title = {{Relationship among GeneSTAR marbling marker, intramuscular fat deposition, and expected progeny differences in early weaned Simmental steers}},
    year = {2006},
    journal = {Journal of Animal Science},
    author = {Rincker, C. B. and Pyatt, N. A. and Berger, L. L. and Faulkner, D. B.},
    isbn = {2375-2548},
    doi = {10.1126/sciadv.1501639},
    issn = {00218812},
    pmid = {16478961},
    keywords = {Carcass composition, Early weaned steer, GeneSTAR marbling marker}
}

@article{Rincker2006RelationshipSteersb,
    title = {{Relationship among GeneSTAR marbling marker, intramuscular fat deposition, and expected progeny differences in early weaned Simmental steers}},
    year = {2006},
    journal = {Journal of Animal Science},
    author = {Rincker, C. B. and Pyatt, N. A. and Berger, L. L. and Faulkner, D. B.},
    isbn = {2375-2548},
    doi = {10.1126/sciadv.1501639},
    issn = {00218812},
    pmid = {16478961},
    keywords = {Carcass composition, Early weaned steer, GeneSTAR marbling marker}
}

@article{Bianchi2008RelationshipSoil,
    title = {{Relationship between the mass of organic matter and carbon in soil}},
    year = {2008},
    journal = {Brazilian Archives of Biology and Technology},
    author = {Bianchi, Silmara R. and Miyazawa, Mario and De Oliveira, Edson L. and Pavan, Marcos A.},
    isbn = {1516-8913},
    doi = {10.1590/S1516-89132008000200005},
    issn = {15168913},
    pmid = {1516-8913},
    keywords = {Organic carbon, Soil analysis, Tropical soils}
}

@techreport{Lal2004SoilSecurity,
    title = {{Soil Carbon Sequestration Impacts on Global Climate Change and Food Security}},
    year = {2004},
    author = {Lal, R},
    url = {http://science.sciencemag.org/}
}

@article{Vicente2016SoilBrazil,
    title = {{Soil carbon stocks of Ultisols under different land use in the Atlantic rainforest zone of Brazil}},
    year = {2016},
    journal = {Geoderma Regional},
    author = {Vicente, Laís Carvalho and Gama-Rodrigues, Emanuela Forestieri and Gama-Rodrigues, Antonio Carlos},
    doi = {10.1016/j.geodrs.2016.06.003},
    issn = {23520094},
    keywords = {13C/12C, Eucalyptus, Reforestation, Rubber tree, Soil carbon sequestration}
}

@article{RodriguesNogueiraJr.2011SoilSpecies,
    title = {{Soil dynamics and carbon stocks 10 years after restoration of degraded land using Atlantic Forest tree species}},
    year = {2011},
    journal = {Forest Systems},
    author = {Rodrigues Nogueira Jr., L. and De Moraes Gon{\c{c}}alves, J.L. and Lex Engel, V. and Parrotta, J.},
    isbn = {2171-5068},
    doi = {10.5424/fs/20112003-11844},
    issn = {2171-9845}
}

@article{Klingenfu2014SoilSubstrates,
    title = {{Soil organic matter to soil organic carbon ratios of peatland soil substrates}},
    year = {2014},
    journal = {Geoderma},
    author = {Klingenfu{\ss}, C. and Ro{\ss}kopf, N. and Walter, J. and Heller, C. and Zeitz, J.},
    isbn = {0016-7061},
    doi = {10.1016/j.geoderma.2014.07.010},
    issn = {00167061},
    keywords = {Carbon stocks, Conversion factor, Peat type, Peatland soil}
}

@article{Strassburg0StrategicCosts,
    title = {{Strategic approaches to restoring ecosystems can triple conservation gains and halve costs}},
    year = {0},
    journal = {Nature Ecology {\&} Evolution},
    author = {Strassburg, Bernardo B. N. and Beyer, Hawthorne and Crouzeilles, Renato and Iribarrem, Alvaro and Barros, Felipe and de Siqueira, Marinez Ferreira and S{\'{a}}nchez-Tapia, Andrea and Balmford, Andrew and Sansevero, Jerônimo Boelsums Barreto and Santin Brancalion, Pedro Henrique and Broadbent, Eben North and Chazdon, Robin and Oliveira Filho, Ary and Gardner, Toby and Gordon, Ascelin and Latawiec, Agnieszka and Loyola, Rafael and Metzger, Jean Paul and Mills, Morena and Possingham, Hugh P. and Rodrigues, Ricardo Ribeiro and de Mattos Scaramuzza, Carlos Alberto and Scarano, Fabio Rubio and Tambosi, Leandro and Uriarte, Maria},
    doi = {10.1038/s41559-018-0743-8},
    issn = {2397-334X}
}

@misc{SEEG2018TabelaDados,
    title = {{Tabela Geral de emissões- Download de base de dados}},
    author = {{SEEG (2018)}},
    url = {http://seeg.eco.br/tabela-geral-de-emissoes/}
}

@techreport{Silver2000TheLands,
    title = {{The Potential for Carbon Sequestration Through Reforestation of Abandoned Tropical Agricultural and Pasture Lands}},
    year = {2000},
    author = {Silver, W L and Ostertag, R and Lugo, A E},
    number = {4},
    pages = {394--407},
    volume = {8},
    keywords = {carbon accumulation, carbon offset, global change, land use, plant carbon, soil carbon, tropical forest}
}

@article{Clarkson2015TheScheme,
    title = {{The Valuation Relevance of Greenhouse Gas Emissions under the European Union Carbon Emissions Trading Scheme}},
    year = {2015},
    journal = {European Accounting Review},
    author = {Clarkson, Peter M. and Li, Yue and Pinnuck, Matthew and Richardson, Gordon D.},
    isbn = {0963-8180},
    doi = {10.1080/09638180.2014.927782},
    issn = {14684497}
}

@article{Kates2012TransformationalInsufficient,
    title = {{Transformational adaptation when incremental adaptations to climate change are insufficient}},
    year = {2012},
    journal = {Proceedings of the National Academy of Sciences},
    author = {Kates, R. W. and Travis, W. R. and Wilbanks, T. J.},
    isbn = {0027-8424},
    doi = {10.1073/pnas.1115521109},
    issn = {0027-8424},
    pmid = {22509036}
}

@article{Locatelli2015TropicalCarbon,
    title = {{Tropical reforestation and climate change: Beyond carbon}},
    year = {2015},
    journal = {Restoration Ecology},
    author = {Locatelli, Bruno and Catterall, Carla P. and Imbach, Pablo and Kumar, Chetan and Lasco, Rodel and Mar{\'{i}}n-Spiotta, Erika and Mercer, Bernard and Powers, Jennifer S. and Schwartz, Naomi and Uriarte, Maria},
    isbn = {10612971 (ISSN)},
    doi = {10.1111/rec.12209},
    issn = {1526100X},
    keywords = {Climate-smart, Ecosystem service, Forest, Impact, Livelihood, Resilience, Vulnerability, Water}
}